@online{Gherkin,
	author = "behat",
	title = "Writing features - gherkin language",
	url = "http://docs.behat.org/en/v2.5/guides/1.gherkin.html",
	note = "Last Visited d. 12.09.2017",
}

@online{MoSCoW,
	title = "MoSCoW - analysis tool",
	url = "https://en.wikipedia.org/wiki/MoSCoW_method",
	note = "Sidst bes√∏gt d. 12.09.2017",
}

@online{RestSharp,
	author = "",
	url = "http://restsharp.org/",
	title = "Simple REST and HTTP API Client for .NET",
	note = "FrameWork",
}

@unpublished{DoxygenInfo,
	author = "Dimitri van Heesch",
	url = "http://www.stack.nl/~dimitri/doxygen/",
	title = "Generate documentation from source code",
	note = "Program"
}

@unpublished{NUnit,
	author = "", 
	url = "http://nunit.github.io/",
	title = "Unit testing framework for .NET",
	note = "FrameWork"
}

@unpublished{NSubstitute,
	author = "", 
	url = "http://nsubstitute.github.io/",
	title = "A friendly substitute for .NET mocking frameworks",
	note = "FrameWork"
}

@online{GitRef,
	author = "Linus Torvalds",
	title = "{Git}",
	year = "2017",
	url = "https://git-scm.com/",
	note = "Last Visited d. 28.09.2017"
}

@online{LatexRef,
	author = "Leslie Lamport",
	title = "{Latex}",
	year = "2015",
	url = "https://www.latex-project.org/",
	note = "Last Visited d. 11.11.2017"
}

@online{Draw.io,
	author = "Draw.io",
	title = "{Draw.io}",
	year = "2017",
	url = "https://www.draw.io/",
	note = "Last Visited 12.09.2017"
}

@online{VisualStudio,
	author = "Microsoft",
	title = "{Visual Studio}",
	year = "2017",
	url = "https://www.visualstudio.com/",
	note = "Last Visited 23.09.2017"
}

@online{Postman,
	author = "Microsoft",
	title = "{Postman}",
	year = "2016",
	url = "https://www.getpostman.com/",
	note = "Last Visited 25.09.2017"
}

@online{Zenhub,
	author = "AXIOM ZEN",
	title = "{Zenhub}",
	year = "2017",
	url = "https://www.zenhub.io/",
	note = "Last Visited 05.09.2017"
}

@online{XamarinDoc,
	author = "Xarmain",
	title = "Xarmain dokumentation",
	url = "https://developer.xamarin.com",
	note = "Last Visited 05.09.2017"
}

@online{ASE,
	author = "Torben Gregersen",
	title = "{Rapport Vejledning}",
	year = "2017",
	page = "14",
	note = "Vejledning til udfaerdigelse af projektrapporter v1.2",
	
}

@online{FirebaseDoc,
	author = "Google Firebase",
	title = "Firebase dokumentation",
	url = "https://components.xamarin.com/gettingstarted/firebaseiosdatabase",
	note = "Last Visited d. 20.09.2017",
}


