@online{Gherkin,
	author = "behat",
	title = "Writing features - gherkin language",
	url = "http://docs.behat.org/en/v2.5/guides/1.gherkin.html",
	note = "Sidst besøgt d. 12.09.2017",
}

@online{MoSCoW,
	title = "MoSCoW - analysis tool",
	url = "https://en.wikipedia.org/wiki/MoSCoW_method",
	note = "Sidst besøgt d. 12.09.2017",
}
